<record><leader>00000cas a22000007a 4500</leader><controlfield tag="001">16157073</controlfield><controlfield tag="008">870710d18841886njudn ne      0    0eng d</controlfield><datafield ind1=" " ind2=" " tag="010"><subfield code="a">sn 87068109 </subfield></datafield><datafield ind1=" " ind2=" " tag="040"><subfield code="a">NJW</subfield><subfield code="b">eng</subfield><subfield code="c">NJW</subfield><subfield code="d">OCLCQ</subfield></datafield><datafield ind1=" " ind2=" " tag="042"><subfield code="a">msc</subfield></datafield><datafield ind1="0" ind2=" " tag="130"><subfield code="a">Press (Newark, N.J. : 1884)</subfield></datafield><datafield ind1="1" ind2="4" tag="245"><subfield code="a">The press.</subfield></datafield><datafield ind1=" " ind2=" " tag="260"><subfield code="a">Newark, N.J. :</subfield><subfield code="b">James F. Connelly &amp; Co.,</subfield><subfield code="c">1884-1886.</subfield></datafield><datafield ind1=" " ind2=" " tag="310"><subfield code="a">Daily (except Sun.)</subfield></datafield><datafield ind1="0" ind2=" " tag="362"><subfield code="a">New ser., v. 2, no. 1 (Oct. 15, 1884)-v. 3, no. 121 (Mar. 8, 1886).</subfield></datafield><datafield ind1=" " ind2=" " tag="752"><subfield code="a">United States</subfield><subfield code="b">New Jersey</subfield><subfield code="c">Essex</subfield><subfield code="d">Newark.</subfield></datafield><datafield ind1="0" ind2="0" tag="780"><subfield code="t">Newark free press</subfield></datafield><datafield ind1="0" ind2="7" tag="785"><subfield code="t">Newark morning register</subfield><subfield code="w">(DLC)sn 84026190</subfield><subfield code="w">(OCoLC)10320038</subfield></datafield><datafield ind1="0" ind2="7" tag="785"><subfield code="t">Newark press-register</subfield><subfield code="w">(DLC)sn 87068164</subfield></datafield></record>